% BOOK{Smith:2012qr,
% 	title = {{B}ook {T}itle},
% 	publisher = {Publisher},
% 	author = {Smith, J.~M. and Jones, A.~B.},
% 	year = {2012},
% 	edition = {7th},
% }

% ARTICLE{Smith:2013jd,
% 	author = {Jones, A.~B. and Smith, J.~M.},
% 	title = {{A}rticle {T}itle},
% 	journal = {{J}ournal {T}itle},
% 	year = {2013},
% 	volume = {13},
% 	pages = {123-456},
% 	number = {52},
% 	month = {March},
% 	publisher = {Publisher}
% }

@article{chen2018training,
  title={Training generative adversarial networks via primal-dual subgradient methods: A lagrangian perspective on gan},
  author={Chen, Xu and Wang, Jiang and Ge, Hao},
  journal={arXiv preprint arXiv:1802.01765},
  year={2018}
}
@article{lu2018understand,
  title={Understand the dynamics of GANs via primal-dual optimization},
  author={Lu, Songtao and Singh, Rahul and Chen, Xiangyi and Chen, Yongxin and Hong, Mingyi},
  year={2018}
}
@inproceedings{goodfellow2014generative,
  title={Generative adversarial nets},
  author={Goodfellow, Ian and Pouget-Abadie, Jean and Mirza, Mehdi and Xu, Bing and Warde-Farley, David and Ozair, Sherjil and Courville, Aaron and Bengio, Yoshua},
  booktitle={Advances in neural information processing systems},
  pages={2672--2680},
  year={2014}
}
@article{engel2019audio,
  title={Adversarial neural audio synthesis},
  author={Engel, Jesse and Agrawal, Kumar Krishna and Chen, Shuo and , Gulrajani, Ishaan and Donahue, Chris and Roberts, Adam},
  year={2019}
}
@article{arjovsky2017wasserstein,
  title={Wasserstein GAN},
  author={Arjovsky, Martin and Chintala, Soumith  and Bottou, Leon },
  year={2017}
}
@article{metz2017unrolled,
  title={Unrolled generative adversarial network},
  author={Metz, Luke and Poole, Ben and Pfau, David and Sohl-Dickstein, Jashcha},
  year={2017}
}